<?xml version="1.0" encoding="UTF-8"?><collection xmlns="http://www.loc.gov/MARC21/slim"><record><leader>00371nam--2200133-i-4500</leader><controlfield tag="001">000045323</controlfield><controlfield tag="002">20161230</controlfield><controlfield tag="005">20161230201045</controlfield><controlfield tag="008">060222s1000------------r-----000-0-eng-d</controlfield><datafield ind1=" " ind2=" " tag="080"><subfield code="a">620.19:537.531</subfield></datafield><datafield ind1=" " ind2=" " tag="100"><subfield code="a">Trapezincov, A.K</subfield></datafield><datafield ind1=" " ind2=" " tag="245"><subfield code="a">Defectoscopia prin raze rontgen (extrase). (trad.din l.rusa)</subfield></datafield><datafield ind1=" " ind2=" " tag="260"><subfield code="a">Bucuresti, Inst.De Docum.Tehnica, 1948, 55p</subfield></datafield><datafield ind1=" " ind2=" " tag="852"><subfield code="a">2773</subfield></datafield></record></collection>